@article{neat,
  author = {Kenneth Stanley},
  title = {Competitive coevolution through evolutionary complexification},
  journal = {Journal of Artificial Intelligence Research},
  volume = {21},
  year = {2004}
}

@article{novelty,
  author = {Joel Lehman and Kenneth Stanley},
  title = {Abandoning objectives: Evolution through the search for novelty alone}, 
  journal = {Evolutionary Computation},
  volume = {19},
  number = {2},
  year = {2011}
}
